867 1333
432 122 454 124 —
466 117 495 129 vru
507 122 529 124 —

183 140 230 163 plura
243 147 284 163 quae
296 142 317 158 ad
329 142 371 159 Iuris
383 143 436 160 nostri
447 143 535 160 scientiam
546 149 575 165 per
583 149 600 160 se
609 144 715 166 pertinerent,
723 144 740 160 in
752 144 771 160 iis

183 169 288 190 pertractari;
300 170 346 192 quod
359 171 464 192 potissimum
479 171 496 187 in
508 176 525 188 re
540 167 666 188 sacramentoria
682 171 771 193 contingit.

217 196 263 214 Haec
275 202 296 213 ne
307 197 361 214 inutili
369 198 482 219 geminatione
490 203 545 215 actum
553 204 645 220 ageremus,
653 203 672 215 ut
679 198 771 220 plurimum

182 224 330 245 praetermittenda
342 225 442 246 censuimus,
455 230 473 242 ut
484 225 519 242 suis
531 225 573 242 locis
585 225 674 243 videbitur.

217 247 317 267 Addidimus
329 257 368 268 vero
380 252 398 268 in
409 252 440 268 hac
452 252 524 269 secunda
533 252 605 269 editione
613 253 694 275 quaedam
703 253 771 269 maximi

182 277 266 294 momenti
277 277 346 299 scholia,
359 284 401 300 quae
415 278 455 295 licet
470 279 597 296 Institutionum
613 279 694 296 ambitum
709 285 738 301 per
752 285 770 296 se

183 304 348 326 praetergrediamur,
360 306 377 321 in
391 305 492 323 discentium
501 306 605 327 utilitatem,
617 306 630 323 si
642 306 662 323 iis
675 307 699 323 uri
714 306 771 326 velint,

180 330 269 348 inserenda
282 337 398 353 opporrunum
410 332 483 349 arbitrati
495 338 553 349 sumus
566 337 582 349 et
594 332 614 349 ad
627 339 663 349 earn
680 332 770 349 disserendi

182 357 281 374 methodum
294 359 382 380 pertinent,
395 365 445 381 quam
457 359 542 382 sequimur
554 359 571 376 in
584 365 660 381 praesens
675 360 692 376 in
709 360 770 376 nostris

182 384 322 406 praelectionibus
334 386 350 402 in
362 385 447 403 academia
458 386 614 403 hisrorico-iuridica
627 385 714 403 tradendis.

216 411 235 427 In
247 411 339 433 appendice
351 418 391 429 vero
403 413 532 429 Instructionem
544 418 553 429 a
566 413 582 430 S.
592 413 611 430 C.
624 413 656 429 EE.
669 417 685 429 et
693 412 727 429 RK,
740 418 770 434 pro

181 438 244 454 caussis
256 438 388 460 disciplinaribus
401 444 416 456 et
428 439 540 456 criminalibus
553 439 651 456 clericorum
659 438 714 456 datam
722 439 770 456 dum-

181 469 226 481 taxat
238 465 330 486 retulimus,
341 466 409 488 reliquis
422 472 464 488 quae
475 467 492 483 in
504 466 557 488 prima
573 466 646 483 editione
658 465 679 482 ibi
692 471 770 488 congesta

182 491 247 509 fuerant
259 493 383 514 praetermissis,
395 499 414 510 eo
427 492 473 515 quod
485 492 520 510 aliis
531 493 549 509 in
560 492 605 510 libris
618 498 660 515 quae
671 492 770 514 indiscipu-

182 519 237 536 lorum
255 519 331 536 manibus
350 525 443 540 versantur,
460 520 566 542 potissimum
584 519 677 541 theologiae
694 519 768 540 moralis,

181 546 243 568 passim
255 546 363 568 reperiuntur.

215 573 245 589 His
258 573 278 590 de
290 573 320 590 hac
332 573 382 590 altera
394 573 444 590 huius
457 573 511 595 operis
523 573 597 590 editione
613 573 683 590 breviter
694 572 769 589 animad-

182 600 243 620 versiS,
256 599 339 622 reliquum
351 605 381 621 est,
393 605 411 617 ut
426 600 440 617 si
451 600 492 622 quid
504 600 580 617 utiliratis
592 599 693 617 discentibus
705 605 725 616 ex
736 599 769 616 hoc

182 626 300 648 qualicumque
312 626 368 643 labore
379 632 437 644 nostro
452 626 565 643 obventurum
586 626 618 643 Dei
631 626 699 643 nomine
711 626 739 647 sir,
751 626 768 643 id

180 657 235 670 totum
247 653 265 670 in
273 653 323 670 huius
329 653 396 671 laudem
404 658 453 676 atque
462 653 561 676 obsequium
570 653 622 673 cedat,
631 652 714 675 simulque
722 658 768 669 amo-

180 685 216 696 rem
228 686 266 702 erga
278 680 394 702 Aposmlicam
406 681 450 697 Petri
463 680 523 697 Sedem
532 685 551 697 ac
562 680 580 697 in
589 680 624 696 eius
632 679 695 696 iuribus
703 679 769 696 tuendis

181 707 323 729 impensissimum
335 707 416 728 studium,
428 712 480 729 usque
491 707 509 724 iu
521 712 580 724 eorum
592 707 650 724 animis
663 710 767 728 promoveat.

214 734 278 751 Romae
289 740 309 751 ex
321 734 388 751 aedibus
401 734 473 756 Collegii
485 734 581 751 Germanici
593 733 683 755 Hungarici
695 738 723 750 ΧΠ,
730 733 768 750 Kal.

180 761 251 783 August.
264 766 347 779 muccexc.
