867 1333
422 130 507 142 -v...

170 155 210 177 quid
217 155 284 172 Ecelesia
289 158 379 178 potestatem
386 161 432 173 suam
441 155 461 172 ad
473 158 525 172 actum
533 155 606 172 reducens
614 156 659 177 egm‘t
667 160 695 172 aut
703 154 761 172 falsam

171 188 200 200 aut
212 183 338 205 saltem-minus
351 187 406 205 aptam
422 182 523 200 arbitremur⁴
542 184 621 199 Attamen
638 187 677 199 cum
692 188 711 199 ex
724 182 762 199 lure

171 215 248 231 romano,
256 210 275 226 ad
284 209 365 226 formulas
377 209 422 231 quod
436 209 499 230 attinet,
507 209 528 226 sit
536 209 596 231 procul
607 209 658 226 dubio
667 209 762 231 desumpta,

169 236 223 253 fervet
235 236 288 253 adhuc
300 237 418 257 controversia,
430 242 512 258 quaenam
525 236 589 253 obiecta
601 235 671 258 singulis
683 235 762 252 membris

169 263 205 280 sint
216 262 333 283 adscribenda,
349 263 393 280 unde
404 262 422 280 fit
438 267 456 279 ut
468 268 477 279 a
489 262 587 285 quibusdam
603 262 721 279 recentioribus
738 262 762 279 uti

172 289 247 312 Phillips,
253 290 317 312 Vering
324 289 399 312 aliisque,
405 290 422 306 in
429 290 465 307 iure
473 290 585 307 ecclesiastico
592 290 662 306 omnino
669 294 760 311 respuatur.

172 317 216 333 Hinc
233 316 326 335 consultius
338 316 425 338 duximus,
437 323 457 333 ne
470 315 491 334 de
503 316 556 334 verbis
569 316 654 339 digladiati
670 316 762 338 videamur,

169 343 191 360 ab
204 349 221 360 ea
234 343 305 360 formula
317 343 399 360 abstinere
410 348 426 360 et
439 344 555 361 Institutiones
564 348 634 364 nostras,
642 344 682 361 imis
690 344 759 361 acclesia-

171 370 205 387 stici
217 370 313 392 simpliciter
326 371 466 392 nuncupavimus.

205 397 275 414 Accedit
286 396 332 419 quod
344 402 362 413 ut
374 396 521 414 animadvertimus
537 397 554 414 in
569 397 692 419 prolegomenis
704 397 729 419 (n.
743 397 761 419 1)

169 423 271 446 significatio
283 429 326 446 quae
338 424 390 441 modo
402 423 450 441 datur
461 423 570 446 appellationi
579 424 618 441 iuris
625 424 684 446 publici
692 424 762 441 ccclesia-

171 450 213 470 slx'ct',
225 451 294 467 omnino
307 451 373 472 propria
385 455 418 471 esu
435 450 476 467 adeo
493 456 509 467 ut
524 451 546 467 sit
560 456 597 473 pars
610 450 661 467 veluti
674 450 729 467 avulsa
742 450 761 467 ab

172 478 212 494 iuris
225 476 311 499 disciplina
323 482 339 494 et
351 477 457 499 potissimum
469 483 543 494 versetur
555 479 571 494 in
584 477 646 494 mutuis
655 477 761 494 relationibus

170 504 296 521 considerandis
309 504 398 521 Ecclesiam
411 504 453 521 inter
465 509 480 521 et
492 504 557 521 civilem
570 505 671 521 societatem.

206 531 257 553 Atqui
270 531 345 553 profecto
357 532 370 548 si
382 531 415 548 hoc
427 531 479 548 modo
492 531 610 552 consideretur,
618 531 649 548 iuri
656 531 717 553 publico
726 536 759 548 non

170 557 262 579 respondet
275 562 360 580 tamquam
372 558 416 575 aliud
428 558 523 575 membrum
536 559 562 575 ius
572 558 665 580 priamum,
678 559 700 574 ita
712 562 730 574 ut
742 563 762 574 ex

173 588 244 606 utroque
256 584 333 601 universa
346 589 421 607 exsurgat
433 585 473 602 iuris
485 584 578 606 disciplina.

207 611 238 628 His
250 611 270 628 de
283 612 342 632 causis,
357 611 486 633 appellationem
499 611 544 628 illam
559 612 576 628 in
590 611 620 628 hac
636 611 708 628 secunda
726 611 761 628 edi-

171 638 219 655 tione
231 637 340 655 omittendam
353 639 453 659 putavimus.
467 638 557 655 Coeterum
571 639 620 655 etiam
632 644 652 654 ea
668 638 688 654 de
704 643 762 654 caussa

172 669 209 681 tuto
222 664 351 686 appellationem
364 664 408 681 illam
421 665 498 682 omittere
513 664 580 685 licebat,
593 664 638 686 quod
650 665 668 681 in
685 664 763 687 prolego-

173 691 226 707 menis
239 691 305 707 titulum
317 691 400 708 innectere
412 692 465 708 visum
478 696 502 708 est
517 696 633 713 opportunum
651 690 688 708 udi
695 691 762 708 fatidica

170 717 254 734 catholicae
265 717 341 734 Ecclesiae
353 718 458 735 consulatione
466 724 474 733 ι
489 718 506 734 in
518 724 560 740 quo,
574 718 613 734 licet
625 723 680 740 pressa
693 718 763 735 omnino

172 745 254 765 oratione,
262 750 304 767 quae
313 745 399 767 potissima
408 750 463 762 tamen
472 745 488 761 in
500 745 536 762 iure
547 744 613 766 publico
622 744 708 765 habentur,
717 750 764 761 com-

171 771 217 793 plexi
229 777 292 788 sumusr
305 772 335 788 His
348 772 369 789 de
380 772 428 788 titulo
438 772 493 793 operis
501 772 619 788 animadversis
631 771 671 789 illud
679 772 697 789 in
705 772 763 794 primis

173 798 291 815 inculcandum
300 799 370 819 videtur,
379 799 453 816 indolem
462 804 480 815 ac
489 804 565 816 naturam
572 799 704 820 Institutionum,
709 804 726 816 ut
732 804 763 816 vo-

173 829 216 845 cant,
229 830 265 841 earn
277 831 312 842 esse
325 830 343 842 ut
355 825 427 842 elementa
436 826 468 842 sint
480 826 525 846 iuris,
537 825 613 847 adeoque
623 826 649 846 iis,
661 826 712 842 veluti
724 831 763 848 pro-

173 851 269 873 paedeutica
282 851 373 874 disciplina,
385 852 424 868 iuris
436 852 541 869 ecclesiastici
554 852 635 869 candidati
649 858 675 869 eas
688 853 721 869 iam
733 853 764 869 rite

175 883 269 900 praeceptas
281 879 337 895 animo
349 879 427 895 notiones
440 878 515 899 habeant,
527 879 587 901 quibus
600 879 620 896 ad
637 879 763 901 profundiorem

174 905 323 927 perfeetioremque
337 906 377 922 iuris
393 906 472 922 scientiae
487 906 564 922 notitiam
585 905 692 923 hauriendam
712 907 763 923 tutius

172 932 257 949 accedant.

208 959 246 976 Hoc
258 959 326 981 quidem
338 959 400 981 duplici
413 959 494 978 methodo
507 959 587 977 didaczica
600 959 635 977 fieri
652 964 711 982 potest.
731 959 763 976 Vel

172 987 219 1003 enim
237 986 256 1003 ab
271 986 405 1004 institutionibus
421 986 439 1004 fit
457 986 517 1009 gradus
534 986 554 1004 ad
569 983 625 1004 veram
645 991 660 1003 et
677 987 762 1008 propriam

175 1014 239 1031 Textus
252 1014 331 1031 Canonici
345 1014 472 1034 enarrationem,
484 1018 512 1030 aut
524 1014 588 1034 saltem,
601 1013 620 1030 ad
634 1014 668 1030 eius
681 1018 763 1038 normam,

173 1040 273 1057 didacticam
285 1040 324 1057 iuris
337 1040 411 1057 canonici
424 1041 552 1063 expositionem,
565 1045 582 1057 ut
595 1040 612 1056 fit
627 1040 644 1056 in
660 1039 716 1056 schola
728 1039 762 1056 De-

175 1067 265 1088 cretalium,
277 1067 392 1089 vebampliori
400 1067 486 1088 methodo,
494 1067 573 1084 historiae
582 1067 688 1089 potissimum
697 1067 713 1083 in
721 1066 762 1088 legis

173 1094 246 1112 son-nula
258 1095 381 1117 interpretanda
389 1095 452 1112 adscito
462 1095 550 1117 praesidio,
558 1095 613 1111 variae
624 1094 703 1111 iuridicae
711 1094 764 1111 scien·

174 1123 207 1139 tiae
223 1126 276 1144 partes
294 1121 420 1144 perscrutandae
432 1122 507 1138 intimius
521 1117 637 1142 assumuntur,
650 1121 694 1138 haud
707 1126 764 1143 presso

173 1149 245 1171 vestigio
258 1148 370 1166 Decretalium
384 1148 441 1165 ordine
454 1154 526 1167 servato.
