867 1333
345 132 368 135 -
379 127 402 139 vu
413 132 437 142 —-‚

112 153 142 170 Ita
159 153 182 170 fit
196 154 213 170 in
230 153 305 176 pluribus
318 153 452 170 universitatibus
468 158 483 170 et
498 153 524 170 hic
536 153 600 171 Romae
612 153 629 170 in
641 153 685 170 Ara·
699 158 702 160 ·

77 179 133 196 demin
146 180 308 200 historica-iuriam,
321 180 383 197 Leonis
391 180 440 197 XIII.
452 180 574 202 sapientissima
582 180 627 197 iuxta
635 186 654 197 ac
663 180 687 197 ef-

78 206 174 224 fusissima
189 207 303 224 munificentia
315 207 335 224 ad
348 206 464 229 perfectiorem
476 207 516 224 iuris
530 207 616 230 utriusque
632 207 686 224 cultu-

78 239 117 251 ram
131 234 226 256 insdmra,
238 235 265 251 eui
278 240 309 251 nos
321 234 353 256 ipsi
365 238 445 256 tanquam
461 234 503 251 Iuris
520 234 626 251 ecclesiastici
641 238 686 250 ante-

79 267 171 282 cessores,
184 261 206 278 ab
219 261 278 279 eodem
291 260 377 282 Pontifice‚
390 260 469 283 singulari
482 260 597 278 benevolentia
609 261 684 283 quinque

79 287 148 305 abhinc
164 289 221 309 annis,
233 288 311 310 adscripti
323 287 391 305 fuimus.

117 314 146 331 Ut
161 316 231 337 utrique
245 320 298 337 scopo
316 314 432 331 Institutiones
444 319 511 331 nostrae
523 314 649 336 responderent,
663 314 686 331 ita

81 341 126 358 iuris
143 341 232 358 elementa
248 347 342 363 proponere
359 342 454 358 curavimus
470 346 488 358 ut
504 341 553 362 paulo
568 341 634 359 liberius
649 346 686 358 tum

81 369 103 386 ad
116 369 235 386 decretalium
248 369 375 389 enarrationem,
382 373 418 385 tum
427 369 517 391 generatim
526 369 546 386 ad
556 369 683 391 profundiorem

82 396 126 413 iuris
145 396 204 413 nostri
218 397 334 413 tractationem
349 395 469 413 ordinarentur.
485 396 529 413 Hinc
543 402 595 419 aeque
611 396 688 413 adhiberi

83 427 165 444 possunt
177 423 213 440 sive
225 423 285 445 gradus
297 422 356 439 deinde
369 422 397 439 flat
409 422 429 439 ad
441 422 515 439 scholam
528 423 635 440 decretalium
644 428 683 445 pro-

85 450 123 471 prie
136 450 210 470 dictam,
219 450 295 472 adeoque
303 450 354 466 unico
363 455 408 466 anno
415 450 449 466 sint
457 450 583 471 exhauriendae,
591 450 626 467 sive
635 450 688 472 paulo

85 476 171 498 ampliori
184 477 250 493 ratione
261 476 294 493 siut
305 477 322 493 in
334 476 392 493 schola
404 476 479 498 pluribus
491 477 538 493 annis
547 476 654 493 evolvendae.
668 476 685 493 Si

87 504 135 520 enim
153 503 214 520 schola
229 503 342 520 Decretalium
356 508 395 525 post
407 503 534 520 Institutionum
553 503 628 520 scholam
641 503 685 520 haud

88 530 149 547 haberi
165 530 229 551 debeat,
241 535 280 547 tunc
292 530 358 547 duobus
370 530 428 547 saltem
441 530 488 547 annis
497 536 593 553 opportune
600 531 642 548 facta
650 536 687 547 ma-

88 558 142 574 teriae
161 558 260 579 partitione,
276 561 331 574 textus
347 557 383 579 ipse
399 562 493 574 nostrarum
507 558 634 575 Institutionum
648 558 686 574 viva

88 585 208 606 praeceptoris
224 590 275 605 voce,
287 584 317 601 erit
332 584 398 601 uberius
411 584 534 606 explanandus,
546 589 611 601 servato
628 584 688 601 urdine

87 611 148 633 logico
163 616 276 633 conceptuum
289 615 306 628 et
317 611 382 628 adscitis
395 611 411 628 in
423 617 459 627 rem
471 611 598 633 allegationibus
614 617 657 634 quae
668 611 687 628 in

88 642 140 654 textu
154 637 254 655 indicantur.

126 664 144 681 Si
157 670 205 686 veto,
217 665 261 687 quod
273 664 308 682 fieri
320 665 392 682 maxime
404 665 503 687 optandum,
516 670 555 687 post
569 664 687 682 institutiones

88 692 124 709 hoc
137 692 222 714 ampliore
233 692 285 709 modo
298 693 399 715 propositas,
410 692 487 714 superior
498 692 555 709 schola
570 692 610 709 iuris
625 692 685 709 habea-

89 725 124 741 tur,
136 720 256 737 Institutiones
268 724 340 741 nostrae,
352 719 369 736 ni
381 720 410 737 toti
423 719 501 741 fallimur,
517 719 555 736 huic
572 725 624 742 scopo
641 725 685 736 asse-

90 746 170 769 quendo,
183 751 212 763 ceu
225 747 327 768 praeparatio
340 747 410 763 omnino
422 746 529 768 respondent.

126 773 205 790 Ulterius
217 773 310 790 notandum
322 778 353 793 est,
362 773 381 789 ab
393 773 530 790 Institutionibus
538 772 571 789 hoc
583 773 635 790 rnodo
644 778 687 789 con-

88 800 180 821 sideratis,
193 799 254 817 alienas
271 805 307 817 esse
317 800 457 822 pragmaticorum,
471 805 512 822 quos
524 804 594 820 vocant,
609 799 654 816 fusas
670 804 687 816 et

88 827 191 844 enucleatas
197 827 335 847 enumerationes,
343 827 418 849 itemque
426 827 506 848 practicas
514 826 535 843 ad
543 826 627 843 forensem
636 831 685 842 usum

88 853 231 871 accommodatas
244 859 286 876 quae
294 854 311 870 in
319 854 371 876 speeie,
380 859 431 875 quarn
440 852 503 874 dicunt,
510 852 548 873 sacri
556 857 648 873 versantur,
654 858 684 874 ap-

87 881 200 904 plicationes.

125 908 189 928 Quare
201 907 241 924 dum
253 908 283 924 iSta
295 907 376 924 facessant
392 911 465 929 oportet,
479 906 528 923 simul
544 911 600 923 tarnen
614 907 688 923 omnino*

87 935 186 957 requiritur
201 935 217 951 in
232 934 368 951 Institutionibus
384 939 401 951 ut
417 940 446 951 eae
463 939 498 951 tum
516 934 533 951 in
547 940 602 951 terum
615 934 687 955 delectu⁷

86 967 126 980 tum
140 962 161 979 in
173 961 265 979 disserendi
278 961 335 979 ordine
347 967 365 978 ac
378 961 464 982 methodo,
477 961 516 978 iuris
528 961 614 977 scientiam
627 961 687 977 tironi>

86 989 119 1006 bus
133 988 235 1005 suaviorem
247 987 318 1005 efficiant
330 993 348 1005 ac
356 988 451 1010 gratiorem,
460 993 492 1010 quo
500 987 563 1004 facilius
572 987 593 1004 ad
601 993 637 1004 eam
646 992 685 1009 pro-

84 1016 162 1034 fundius
176 1015 312 1037 cognoscendam
320 1014 418 1031 alliciantur⁴

120 1043 167 1060 Non
181 1046 238 1059 tamen
251 1047 270 1058 eo
282 1041 340 1062 modo,
353 1041 470 1058 Institutiones
482 1045 521 1057 sunt
536 1040 655 1062 proponendae
668 1044 686 1057 ut

84 1071 136 1088 vivae
150 1068 267 1091 praeceptoris
275 1068 313 1085 voci
322 1068 369 1090 plura
377 1068 448 1090 relinqui
456 1073 498 1089 opus
507 1073 541 1084 nou
550 1067 577 1088 sit,
585 1072 632 1084 secus
641 1067 686 1084 enim

82 1096 148 1114 schola
161 1096 201 1117 ipsa
214 1094 279 1111 inutilis
291 1099 359 1117 prorsus
372 1094 453 1112 evaderet.

118 1123 171 1141 Illud
180 1127 253 1145 quoque
265 1121 356 1139 notandum
369 1127 399 1142 est,
411 1121 432 1138 ob
445 1127 506 1138 nexum
521 1121 607 1138 doctrinae
619 1125 635 1137 et
647 1126 684 1137 eam

81 1157 128 1174 quae
142 1149 202 1167 modo
216 1148 286 1166 invaluit
294 1149 311 1166 in
322 1148 421 1173 theologicis
433 1148 494 1165 scholis
507 1148 587 1165 didactica
599 1147 687 1175 disciplina
